%% Encoding: UTF-8
%
%@Misc{flask:homepage,
%  author = {{Armin Ronacher}},
%  title  = {Flask Web Development, One Drop at a Time},
%  year   = {2019},
%  note   = {[Online; accessed 30-March-2019]},
%  howpublished = "\url{http://flask.pocoo.org/}"
%}
%
%@Misc{flask:wikipedia,
%  author = {{Wikipedia Contributors}},
%  title  = {Flask (web framework)},
%  year   = {2019},
%  note   = {[Online; accessed 29-May-2019]},
%  howpublished = "\url{https://en.wikipedia.org/wiki/Flask_(web_framework)}"
%}
%
%@Misc{flask:config,
%  author = {Pallets Team},
%  title  = {Configuration Handling},
%  year   = {2010},
%  note   = {[Online; accessed 30-May-2019]},
%  howpublished = "\url{http://flask.pocoo.org/docs/1.0/config/}"
%}
%
%@Misc{sqlalchemy:config,
%  author = {Pallets Team},
%  title  = {Configuration},
%  year   = {2010},
%  note   = {[Online; accessed 30-May-2019]},
%  howpublished = "\url{https://flask-sqlalchemy.palletsprojects.com/en/2.x/config/}"
%}
%
%@Misc{mail:config,
%  author = {---},
%  title  = {Flask-Mail},
%  year   = {---},
%  note   = {[Online; accessed 30-May-2019]},
%  howpublished = "\url{https://pythonhosted.org/Flask-Mail/}"
%}
%
%@Misc{github:mailconfig,
%  author = {davidism},
%  title  = {Configure Flask-Mail to use GMail},
%  year   = {2016},
%  note   = {[Online; accessed 30-May-2019]},
%  howpublished = "\url{https://stackoverflow.com/questions/37058567/configure-flask-mail-to-use-gmail}"
%}
%
%@Misc{wsgi:what,
%  author = {{---}},
%  title  = {What is WSGI?},
%  year   = {2019},
%  note   = {[Online; accessed 28-March-2019]},
%  howpublished = "\url{https://wsgi.readthedocs.io/en/latest/what.html}"
%}
%
%@Misc{werkzeug:homepage,
%  author = {{---}},
%  title  = {Werkzeug Documentation},
%  year   = {2019},
%  note   = {[Online; accessed 28-March-2019]},
%  howpublished = "\url{https://werkzeug.palletsprojects.com/en/0.14.x/}"
%}
%
%@Misc{jinja2:homepage,
%  author = {{Armin Ronacher}},
%  title  = {Jinja 2 Homepage},
%  year   = {2008},
%  note   = {[Online; accessed 28-March-2019]},
%  howpublished = "\url{http://jinja.pocoo.org/docs/2.10/}"
%}
%
%@Misc{wiki:templating_engine,
%  author = {{Wikipedia contributors}},
%  title  = {ISO/IEC 9126 --- {Wikipedia}{,} The Free Encyclopedia},
%  year   = {2018},
%  howpublished = "\url{https://en.wikipedia.org/w/index.php?title=ISO/IEC_9126&oldid=859222671}",
%  note   = {[Online; accessed 30-March-2019]}
%}
%
%@Misc{nornir:homepage,
%  author       = {{David Barroso}},
%  title        = {Nornir Documentation},
%  year         = {2018},
%  howpublished = {\url{https://nornir.readthedocs.io/en/stable/}},
%  note         = {[Online; accessed 28-March-2019]},
%}
%
%@Misc{networklore:introduction,
%  author       = {{Patrick Ogenstad}},
%  title        = {Introducing Nornir - The Python automation framework},
%  year         = {2018},
%  howpublished = {\url{https://networklore.com/introducing-brigade/}},
%  note         = {[Online; accessed 28-March-2019]},
%}
%
%@Misc{venv:how-to-use-python-virtualenv,
%  author = {{---}},
%  title  = {How to use Python virtualenv},
%  year   = {2013},
%  note   = {[Online; accessed 31-March-2019]},
%  howpublished = "\url{https://www.pythonforbeginners.com/basics/how-to-use-python-virtualenv/}"
%}
%
%@Misc{netmiko:library,
%  author       = {Kirk Byers},
%  title        = {Netmiko Library},
%  year         = {2019},
%  howpublished = {\url{https://pynet.twb-tech.com/blog/automation/netmiko.html}},
%  note         = {[Online; accessed 30-March-2019]},
%}
%
%@Misc{napalm:devices,
%  author = {{David Barroso}},
%  title  = {Supported Devices},
%  year   = {2016},
%  howpublished = {\url{https://napalm.readthedocs.io/en/latest/support/}},
%  note   = {[Online; accessed 19-May-2019]},
%}
%
%@Misc{github:flaskcompanies,
%  author = {{Multiple Github Contributors}},
%  title  = {Flask Companies},
%  year   = {2018},
%  note   = {[Online; accessed 29-May-2019]},
%  howpublished = {\url{https://github.com/rochacbruno/flask-powered}},
%}
%
%@Misc{comparison:djangoflask,
%  author = {{---}},
%  title  = {Flask and Django Comparison},
%  year   = {2019},
%  note   = {[Online; accessed 29-May-2019]},
%  howpublished = {\url{https://www.educba.com/django-vs-flask/}},
%}
%
%@Misc{github:djangocompanies,
%  author = {Jakub Protasiewicz},
%  title  = {Django Companies},
%  year   = {2018},
%  note   = {[Online; accessed 29-May-2019]},
%  howpublished = {\url{https://www.netguru.com/blog/top-10-django-apps-and-why-companies-are-betting-on-this-framework}},
%}
%
%@Misc{django:vorteile,
%  author = {Wolf-Dieter Fiege},
%  title  = {Why to use Django},
%  year   = {2018},
%  note   = {[Online; accessed 29-May-2019]},
%  howpublished = {\url{https://www.hosteurope.de/blog/8-gruende-warum-sie-das-quelloffene-django-webframework-nutzen-sollten/}},
%}
%
%@Misc{django:nachteile,
%  author = {Prasad Gujar},
%  title  = {Django disadvantages},
%  year   = {2016},
%  note   = {[Online; accessed 29-May-2019]},
%  howpublished = {\url{https://www.quora.com/What-are-the-advantages-and-disadvantages-of-using-Django}},
%}

@Misc{flask:overview,
  key	= {FlaskHomepage},
  title	= {Flask Homepage},
  note	= {[Besucht am 26. Dezember 2019]},
  howpublished = {\url{https://palletsprojects.com/p/flask/}},
}

@Online{test123,
  key	= {test123},
  title	= {Flask Homepage},
  note	= {[Besucht am 26. Dezember 2019]},
  howpublished = {\url{https://palletsprojects.com/p/flask/}},
}

@Comment{jabref-meta: databaseType:biblatex;}
